@book{周志华2016机器学习,
  title={机器学习 : = Machine learning},
  author={周志华},
  publisher={清华大学出版社},
  year={2016},
}