@article{Roweis2004Neighbourhood,
  title={Neighbourhood component analysis},
  author={Roweis, S. and Hinton, G. and Salakhutdinov, R.},
  year={2004},
}

@book{周志华2016机器学习,
  title={机器学习 : = Machine learning},
  author={周志华},
  publisher={清华大学出版社},
  year={2016},
}